@paper-conference{1msuxblhrd,
 URL = {https://ieeexplore.ieee.org/document/8609186},
 author = {null null},
 issued = {2019-01-01},
 title = {Investigation of rough surfaces for propagation modeling in caves},
 type = {paper-conference}
}

@paper-conference{2127o16r5l,
 URL = {https://ieeexplore.ieee.org/document/9620942},
 author = {null null},
 issued = {2021},
 source = {IEEE Conference Publication | IEEE Xplore},
 title = {Fifth Generation Cellular Networks for Underground Block Cave Mining: A Position Paper},
 type = {paper-conference}
}

@article-journal{26sbkjgk5o,
 URL = {https://ieeexplore.ieee.org/document/8939554},
 author = {},
 issued = {2019-12-01},
 source = {IEEE Journals & Magazine | IEEE Xplore},
 title = {Power-Efficient ELF Wireless Communications Using Electro-Mechanical Transmitters},
 type = {article-journal}
}

@paper-conference{44o2wj5sdx,
 DOI = {10.1109/NGMAST.2009.58},
 author = {A. Gokhan Yavuz, Z. Cihan Taysi, Esra Celik},
 issued = {2009-09-15},
 publisher = {IEEE},
 source = {###},
 title = {In-Cave Wireless Communication System},
 type = {paper-conference}
}

@article-journal{4d6fwzg8z9,
 DOI = {10.1016/j.measurement.2015.12.036},
 URL = {https://www.sciencedirect.com/science/article/pii/S026322411500696X},
 author = {},
 issued = {2015-12-01},
 page = {188-201},
 publisher = {Elsevier},
 title = {Experimental assessment of a wireless communications platform for the built and natural heritage},
 type = {article-journal},
 volume = {82}
}

@article-journal{4mlhue4bl1,
 DOI = {10.1016/j.actaastro.2021.11.023},
 URL = {https://www.sciencedirect.com/science/article/pii/S0094576521006202},
 author = {},
 issued = {2021-11-23},
 page = {30-46},
 publisher = {Pergamon},
 title = {RoboCrane: A system for providing a power and a communication link between lunar surface and lunar caves for exploring robots},
 type = {article-journal},
 volume = {192}
}

@paper-conference{4osetdowyi,
 URL = {https://ieeexplore.ieee.org/document/8609186},
 author = {},
 issued = {2019-01-01},
 source = {IEEE Conference Publication | IEEE Xplore},
 title = {Investigation of rough surfaces for propagation modeling in caves},
 type = {paper-conference}
}

@article-journal{5a3jc1g46a,
 URL = {https://ieeexplore.ieee.org/document/10413561},
 author = {},
 source = {IEEE Journals & Magazine | IEEE Xplore},
 title = {Fast Array Ground Penetrating Radar Localization by CNN-Based Optimization Method},
 type = {article-journal}
}

@paper-conference{5g3pcpldvp,
 URL = {https://ieeexplore.ieee.org/document/1469674},
 author = {},
 source = {IEEE Conference Publication | IEEE Xplore},
 title = {Full wave analysis of RF signal attenuation in a lossy cave using a high order time domain vector finite element method},
 type = {paper-conference}
}

@paper-conference{jy36wwwk1i,
 URL = {https://ieeexplore.ieee.org/document/6955502},
 author = {null null},
 issued = {2014-01-01},
 source = {IEEE Xplore},
 title = {Estimation of wireless coverage in complex cave environments for speleology applications},
 type = {paper-conference}
}
